@manual{Thealgorithmsbundle,
  author    = {Rog√©rio Brito},
  title     = {The algorithms bundle},
  year      = {2009},
  month     = {August},
  day       = {24},
  note      = {Contact: rbrito@ime.usp.br}
}
